@inproceedings{papadias2003query,
  title={Query processing in spatial network databases},
  author={Papadias, Dimitris and Zhang, Jun and Mamoulis, Nikos and Tao, Yufei},
  booktitle={Proceedings of the 29th international conference on Very large data bases-Volume 29},
  pages={802--813},
  year={2003},
  organization={VLDB Endowment}
}

@inproceedings{papadias2004group,
  title={Group nearest neighbor queries},
  author={Papadias, Dimitris and Shen, Qiongmao and Tao, Yufei and Mouratidis, Kyriakos},
  booktitle={Data Engineering, 2004. Proceedings. 20th International Conference on},
  pages={301--312},
  year={2004},
  organization={IEEE}
}

@article{deng2012group,
  title={On group nearest group query processing},
  author={Deng, Ke and Sadiq, Shazia and Zhou, Xiaofang and Xu, Hu and Fung, Gabriel Pui Cheong and Lu, Yansheng},
  journal={Knowledge and Data Engineering, IEEE Transactions on},
  volume={24},
  number={2},
  pages={295--308},
  year={2012},
  publisher={IEEE}
}

@article{Xuan2012,
author = {Xuan, Kefeng},
file = {:Users/Jian/Dropbox/Monash/Thesis/Reading/Kefeng Xuan.pdf:pdf},
number = {0190},
title = {{Range / Region-Related Quires Processing in Spatial Databases by Clayton School of Information Technology Monash University}},
year = {2012}
}

@article{sellis1987r+,
  title={The R+-tree: A dynamic index for multi-dimensional objects},
  author={Sellis, Timos and Roussopoulos, Nick and Faloutsos, Christos},
  year={1987},
  publisher={VLDB endowments}
}

@book{beckmann1990r,
  title={The R*-tree: an efficient and robust access method for points and rectangles},
  author={Beckmann, Norbert and Kriegel, Hans-Peter and Schneider, Ralf and Seeger, Bernhard},
  volume={19},
  number={2},
  year={1990},
  publisher={ACM}
}


@book{guttman1984r,
  title={R-trees: a dynamic index structure for spatial searching},
  author={Guttman, Antonin},
  volume={14},
  number={2},
  year={1984},
  publisher={ACM}
}

@article{taniar2013taxonomy,
  title={A taxonomy for nearest neighbour queries in spatial databases},
  author={Taniar, David and Rahayu, Wenny},
  journal={Journal of Computer and System Sciences},
  volume={79},
  number={7},
  pages={1017--1039},
  year={2013},
  publisher={Elsevier}
}

@incollection{kriegel2007probabilistic,
  title={Probabilistic nearest-neighbor query on uncertain objects},
  author={Kriegel, Hans-Peter and Kunath, Peter and Renz, Matthias},
  booktitle={Advances in databases: concepts, systems and applications},
  pages={337--348},
  year={2007},
  publisher={Springer}
}

@inproceedings{li2005two,
  title={Two ellipse-based pruning methods for group nearest neighbor queries},
  author={Li, Hongga and Lu, Hua and Huang, Bo and Huang, Zhiyong},
  booktitle={Proceedings of the 13th annual ACM international workshop on Geographic information systems},
  pages={192--199},
  year={2005},
  organization={ACM}
}

@inproceedings{tao2003tpr,
  title={The TPR*-tree: an optimized spatio-temporal access method for predictive queries},
  author={Tao, Yufei and Papadias, Dimitris and Sun, Jimeng},
  booktitle={Proceedings of the 29th international conference on Very large data bases-Volume 29},
  pages={790--801},
  year={2003},
  organization={VLDB Endowment}
}

@inproceedings{korn2000influence,
  title={Influence sets based on reverse nearest neighbor queries},
  author={Korn, Flip and Muthukrishnan, S},
  booktitle={ACM SIGMOD Record},
  volume={29},
  number={2},
  pages={201--212},
  year={2000},
  organization={ACM}
}

@inproceedings{cheema2011influence,
  title={Influence zone: Efficiently processing reverse k nearest neighbors queries},
  author={Cheema, Muhammad Aamir and Lin, Xuemin and Zhang, Wenjie and Zhang, Ying},
  booktitle={Data Engineering (ICDE), 2011 IEEE 27th International Conference on},
  pages={577--588},
  year={2011},
  organization={IEEE}
}

@article{lian2008probabilistic,
  title={Probabilistic group nearest neighbor queries in uncertain databases},
  author={Lian, Xiang and Chen, Lei},
  journal={Knowledge and Data Engineering, IEEE Transactions on},
  volume={20},
  number={6},
  pages={809--824},
  year={2008},
  publisher={IEEE}
}

@incollection{ferhatosmanoglu2001constrained,
  title={Constrained nearest neighbor queries},
  author={Ferhatosmanoglu, Hakan and Stanoi, Ioanna and Agrawal, Divyakant and El Abbadi, Amr},
  booktitle={Advances in Spatial and Temporal Databases},
  pages={257--276},
  year={2001},
  publisher={Springer}
}

@article{yiu2005aggregate,
  title={Aggregate nearest neighbor queries in road networks},
  author={Yiu, Man Lung and Mamoulis, Nikos and Papadias, Dimitris},
  journal={Knowledge and Data Engineering, IEEE Transactions on},
  volume={17},
  number={6},
  pages={820--833},
  year={2005},
  publisher={IEEE}
}

@article{papadias2005aggregate,
  title={Aggregate nearest neighbor queries in spatial databases},
  author={Papadias, Dimitris and Tao, Yufei and Mouratidis, Kyriakos and Hui, Chun Kit},
  journal={ACM Transactions on Database Systems (TODS)},
  volume={30},
  number={2},
  pages={529--576},
  year={2005},
  publisher={ACM}
}